# sample URL
@misc{openvz,
	howpublished = {{http://wiki.openvz.org/}},
	title = {{OpenVZ}}
}

% temporary bib item; useful for marking down future citations
@misc{TODO,
	title = {{TODO}}
}

@book{turn-that-ship-around,
	author = {Louis David Marquet},
	title = {{Turn the Ship Around!: A true story of turning followers into leaders}},
	year = {2013},
	isbn = {978-1-59184-640-6},
	pages = {todo},
	publisher = {Penguin Group},
	address = {275 Hudson Street, New York, New York 10014, USA}	
}

@book{notes-to-a-software-team-leader,
	author = {Roy Osherove},
	title = {{Notes to a software team leader}},
	year = {2013},
	month = {09},
	day = {10},
	isbn = {978-82-999332-0-9},
	pages = {3--4},
	publisher = {Team Agile Publishing}
	}