% this is the bibliography file
@misc{abur-tl,
	title = {{Software Team Leadership In Agile Environments}},
	howpublished = {{Faculty of Automatic Control and Computers, University POLITEHNICA of Bucharest}},
	author = {Alexandru George Burghelea},
	month = {February},
	year = {2015}
}

@misc{abur-pm,
	howpublished = {{Faculty of Automatic Control and Computers, University POLITEHNICA of Bucharest}},
	title = {{People Management in the IT industry}},
	author = {Alexandru George Burghelea},
	month = {June},
	year = {2015}
}
